<?xml version="1.0" encoding="UTF-8"?><record xmlns="http://www.loc.gov/MARC21/slim" xmlns:cinclude="http://apache.org/cocoon/include/1.0" xmlns:zs="http://www.loc.gov/zing/srw/">
  <leader>00703nz  a2200145n  4500</leader>
  <controlfield tag="001">nb2011011248</controlfield>
  <controlfield tag="003">DLC</controlfield>
  <controlfield tag="005">20110502130113.0</controlfield>
  <controlfield tag="008">110428n| acannaabn          |n aaa      </controlfield>
  <datafield tag="010" ind1=" " ind2=" ">
    <subfield code="a">nb2011011248</subfield>
  </datafield>
  <datafield tag="035" ind1=" " ind2=" ">
    <subfield code="a">(Uk)008124809</subfield>
  </datafield>
  <datafield tag="040" ind1=" " ind2=" ">
    <subfield code="a">Uk</subfield>
    <subfield code="b">eng</subfield>
    <subfield code="c">Uk</subfield>
  </datafield>
  <datafield tag="100" ind1="1" ind2=" ">
    <subfield code="a">Cobbold, Felix Thornley,</subfield>
    <subfield code="d">1841-1909</subfield>
  </datafield>
  <datafield tag="670" ind1=" " ind2=" ">
    <subfield code="a">To Suffolk with love, c2009:</subfield>
    <subfield code="b">t.p. (Felix Thornley Cobbold) back cover (Felix Thornley Cobbold, 1841-1909)</subfield>
  </datafield>
  <datafield tag="670" ind1=" " ind2=" ">
    <subfield code="a">Felix Cobbold Trust website, 28 Apr. 2011:</subfield>
    <subfield code="b">(Felix Thornley Cobbold, MP, JP, 1841-1909; born at Holy Wells Mansion, Ipswich; worked in both Cobbold &amp; Co., Brewers and Merchants and Bacon, Cobbold &amp; Co., Bankers; MP for Stowmarket and later Ipswich; philanthropist and farmer)</subfield>
  </datafield>
</record>